@inbook{1156659974,
author={Nazanene H. Esfandiari and Stephen J. McPhee},
editor={Hammer, Gary D. and McPhee, Stephen J.},
title={Thyroid Disease},
booktitle={Pathophysiology of Disease: An Introduction to Clinical Medicine, 8e},
publisher={McGraw-Hill Education},
address={New York, NY},
year={2019},
url={accessmedicine.mhmedical.com/content.aspx?aid=1156659974}
}

@misc{hypothyroidism,  title={Hypothyroidism},  url={https://www.hopkinsmedicine.org/health/conditions-and-diseases/hypothyroidism} }

@misc{hyperthyroidism,  title={Hyperthyroidism},  url={https://www.hopkinsmedicine.org/health/conditions-and-diseases/hyperthyroidism} }

@article{yadav2013,  title={A Prevalence of Thyroid Disorder in Western Part of Nepal},  volume={7},  url={https://www.jcdr.net/article_fulltext.asp?issn=0973-709x&year=2013&volume=7&issue=2&page=193&issn=0973-709x&id=2724},  author={Yadav, R. K.},  year={2013},  month={Feb} }

@article{arthur_beckett_1999, title={Thyroid function}, volume={55}, url={https://doi.org/10.1258/0007142991902538}, number={3}, author={Arthur, John R and Beckett, Geoffrey J}, year={1999}, month={Sep}, pages={658–668} }
@article{salman_2021,
doi = {10.1088/1742-6596/1963/1/012140},
url = {https://dx.doi.org/10.1088/1742-6596/1963/1/012140},
year = {2021},
month = {jul},
publisher = {IOP Publishing},
volume = {1963},
number = {1},
pages = {012140},
author = {Khalid salman and Emrullah Sonuç},
title = {Thyroid Disease Classification Using Machine Learning Algorithms},
journal = {Journal of Physics: Conference Series}
}

@article{saito_rehmsmeier_2015,  title={The Precision-Recall plot is more informative than the ROC plot when evaluating binary classifiers on imbalanced datasets},  volume={10},  url={https://journals.plos.org/plosone/article?id=10.1371/journal.pone.0118432},  DOI={10.1371/journal.pone.0118432},  number={3},  publisher={Public Library of Science},  author={Saito, Takaya and Rehmsmeier, Marc},  year={2015},  month={Mar},  pages={1–21} }

@misc{thyroid_disease,  title={Thyroid Disease Data},  url={https://www.kaggle.com/datasets/emmanuelfwerr/thyroid-disease-data},  journal={Kaggle},  year={2022},  month={Feb} }

@misc{geeksforgeeks_2017, title={Decision Tree - GeeksforGeeks}, url={https://www.geeksforgeeks.org/decision-tree/}, journal={GeeksforGeeks}, author={GeeksForGeeks}, year={2017}, month={Oct} }

@misc{sanyamdhawan_2020, title={Splitting Data for Machine Learning Models}, url={https://www.geeksforgeeks.org/splitting-data-for-machine-learning-models/}, journal={GeeksforGeeks}, author={Sanyamdhawan}, year={2020}, month={Jun} }

@misc{statistical_model, url={https://en.wikipedia.org/wiki/Statistical_model_validation}, journal={Wikipedia}, year={2020}, month={Jul} }

@misc{kerr_goethel_2014, title={Model Validation - an overview | ScienceDirect Topics}, url={https://www.sciencedirect.com/topics/agricultural-and-biological-sciences/model-validation}, journal={www.sciencedirect.com}, author={Kerr, Lisa A. and Goethel, Daniel R. }, year={2014} }

@misc{pierre_2022, title={Streamlit Tutorial: A Beginner’s Guide to Python Streamlit | Built In}, url={https://builtin.com/machine-learning/streamlit-tutorial}, journal={builtin.com}, author={Pierre, Sadrach }, year={2022}, month={Dec} }

@misc{deore_2020, title={Pickling Machine Learning Models}, url={https://betterprogramming.pub/pickling-machine-learning-models-aeb474bc2d78}, journal={Medium}, author={Deore, Aryan}, year={2020}, month={Aug} }

 @misc{awasthi_2020, title={Random Forests in Machine Learning: A Detailed Explanation}, url={https://datamahadev.com/random-forests-in-machine-learning-a-detailed-explanation/}, journal={datamahadev.com}, author={Awasthi, Saumya}, year={2020}, month={Dec} }
 
 @article{pralhad, title={Heart Disease Prediction Using Outlier Removal based Max Voting Ensemble Method}, volume={1}, DOI={https://doi.org/10.3126/injet.v1i1.60933}, number={1}, journal={International Journal on Engineering Technology}, author={Pralhad Chapagain}, year={2023}, month={Dec}, pages={83–101} }
 
@inproceedings{inproceedings,
author = {Amin, Muhammad and Ali, Amir},
year = {2017},
month = {02},
pages = {},
title = {Application of Multilayer Perceptron (MLP) for Data Mining in Healthcare Operations}
}

 @book{ng, title={Feature selection, L 1 vs. L 2 regularization, and rotational invariance}, url={https://ai.stanford.edu/~ang/papers/icml04-l1l2.pdf}, author={Ng, Andrew} }

 @article{demir_kavuk, title={Prediction using step-wise L1, L2 regularization and feature selection for small data sets with large number of features}, volume={12}, DOI={https://doi.org/10.1186/1471-2105-12-412}, number={1}, journal={BMC Bioinformatics}, author={Demir-Kavuk, Ozgur and Kamada, Mayumi and Akutsu, Tatsuya and Knapp, Ernst-Walter}, year={2011}, month={Oct} }
 
 @misc{cross_entropy, url={https://neptune.ai/blog/cross-entropy-loss-and-its-applications-in-deep-learning}, journal={neptune.ai}, year={2021}, month={Apr} }

@INPROCEEDINGS{recall,
  author={Gupta, Apoorva and Anand, Ashutosh and Hasija, Yasha},
  booktitle={2021 6th International Conference for Convergence in Technology (I2CT)}, 
  title={Recall-based Machine Learning approach for early detection of Cervical Cancer}, 
  year={2021},
  volume={},
  number={},
  pages={1-5},
  keywords={Memory;Medical services;Receivers;Throughput;Bioinformatics;Surges;Cervical cancer;SMOTE;Expectation Maximization;Recall;ROC curve;Oversampling;Schiller;Cytology;Biopsy;Hinselmann;Cervical Cancer;Random Forest;Classification;SHAP},
  doi={10.1109/I2CT51068.2021.9418099}}

  @article{gordon1989recall,
  title={Recall-precision trade-off: A derivation},
  author={Gordon, Michael and Kochen, Manfred},
  journal={Journal of the American Society for Information Science},
  volume={40},
  number={3},
  pages={145--151},
  year={1989},
  publisher={Wiley Online Library}
}

 @misc{goyal_2021, title={Why You Shouldn’t Just Delete Outliers}, url={https://www.analyticsvidhya.com/blog/2021/05/why-you-shouldnt-just-delete-outliers/}, journal={Analytics Vidhya}, author={Goyal, Chirag}, year={2021}, month={May} }