@inbook{1156659974,
author={Nazanene H. Esfandiari and Stephen J. McPhee},
editor={Hammer, Gary D. and McPhee, Stephen J.},
title={Thyroid Disease},
booktitle={Pathophysiology of Disease: An Introduction to Clinical Medicine, 8e},
publisher={McGraw-Hill Education},
address={New York, NY},
year={2019},
url={accessmedicine.mhmedical.com/content.aspx?aid=1156659974}
}
@misc{hypothyroidism,  title={Hypothyroidism},  url={https://www.hopkinsmedicine.org/health/conditions-and-diseases/hypothyroidism} }

@misc{hyperthyroidism,  title={Hyperthyroidism},  url={https://www.hopkinsmedicine.org/health/conditions-and-diseases/hyperthyroidism} }

%@article{yadav2013,  title={A Prevalence of Thyroid Disorder in Western Part of Nepal},  volume={7},  url={https://www.jcdr.net/article_fulltext.asp?issn=0973-709x&year=2013&volume=7&issue=2&page=193&issn=0973-709x&id=2724},  author={Yadav, R. K.},  year={2013},  month={Feb} }

@article{arthur_beckett_1999, title={Thyroid function}, volume={55}, url={https://doi.org/10.1258/0007142991902538}, number={3}, author={Arthur, John R and Beckett, Geoffrey J}, year={1999}, month={Sep}, pages={658–668} }

@article{salman_2021,
doi = {10.1088/1742-6596/1963/1/012140},
url = {https://dx.doi.org/10.1088/1742-6596/1963/1/012140},
year = {2021},
month = {jul},
publisher = {IOP Publishing},
volume = {1963},
number = {1},
pages = {012140},
author = {Khalid salman and Emrullah Sonuç},
title = {Thyroid Disease Classification Using Machine Learning Algorithms},
journal = {Journal of Physics: Conference Series},
abstract = {With the vast amount of data and information difficult to deal with, especially in the health system, machine learning algorithms and data mining techniques have an important role in dealing with data. In our study, we used machine learning algorithms with thyroid disease. The goal of this study is to categorize thyroid disease into three categories: hyperthyroidism, hypothyroidism, and normal, so we worked on this study using data from Iraqi people, some of whom have an overactive thyroid gland and others who have hypothyroidism, so we used all of the algorithms. Support vector machines, random forest, decision tree, naïve bayes, logistic regression, k-nearest neighbors, multi-layer perceptron (MLP), linear discriminant analysis. To classification of thyroid disease.}
}

@article{saito_rehmsmeier_2015,  title={The Precision-Recall plot is more informative than the ROC plot when evaluating binary classifiers on imbalanced datasets},  volume={10},  url={https://journals.plos.org/plosone/article?id=10.1371/journal.pone.0118432},  DOI={10.1371/journal.pone.0118432},  number={3},  publisher={Public Library of Science},  author={Saito, Takaya and Rehmsmeier, Marc},  year={2015},  month={Mar},  pages={1–21} }

@misc{thyroid disease data_2022,  title={Thyroid Disease Data},  url={https://www.kaggle.com/datasets/emmanuelfwerr/thyroid-disease-data},  journal={Kaggle},  year={2022},  month={Feb} }

 @misc{geeksforgeeks_2017, title={Decision Tree - GeeksforGeeks}, url={https://www.geeksforgeeks.org/decision-tree/}, journal={GeeksforGeeks}, author={GeeksForGeeks}, year={2017}, month={Oct} }

@misc{sanyamdhawan_2020, title={Splitting Data for Machine Learning Models}, url={https://www.geeksforgeeks.org/splitting-data-for-machine-learning-models/}, journal={GeeksforGeeks}, author={Sanyamdhawan}, year={2020}, month={Jun} }

@misc{statistical model validation_2020, url={https://en.wikipedia.org/wiki/Statistical_model_validation}, journal={Wikipedia}, year={2020}, month={Jul} }

@misc{kerr_goethel_2014, title={Model Validation - an overview | ScienceDirect Topics}, url={https://www.sciencedirect.com/topics/agricultural-and-biological-sciences/model-validation}, journal={www.sciencedirect.com}, author={Kerr, Lisa A. and Goethel, Daniel R. }, year={2014} }

 @misc{pierre_2022, title={Streamlit Tutorial: A Beginner’s Guide to Python Streamlit | Built In}, url={https://builtin.com/machine-learning/streamlit-tutorial}, journal={builtin.com}, author={Pierre, Sadrach }, year={2022}, month={Dec} }
 
@misc{deore_2020, title={Pickling Machine Learning Models}, url={https://betterprogramming.pub/pickling-machine-learning-models-aeb474bc2d78}, journal={Medium}, author={Deore, Aryan}, year={2020}, month={Aug} }